<?xml version="1.0" encoding="UTF-8"?><collection xmlns="http://www.loc.gov/MARC21/slim"><record><leader>00506nam--2200181-i-4500</leader><controlfield tag="001">000040111</controlfield><controlfield tag="002">20161230</controlfield><controlfield tag="005">20161230201042</controlfield><controlfield tag="008">060222s1000------------r-----000-0-eng-d</controlfield><datafield ind1=" " ind2=" " tag="040"><subfield code="a">IFIN-HH</subfield></datafield><datafield ind1=" " ind2=" " tag="080"><subfield code="a">530.145.6</subfield></datafield><datafield ind1="1" ind2=" " tag="100"><subfield code="a">Sakita,B</subfield></datafield><datafield ind1="1" ind2="0" tag="245"><subfield code="a">Quantum theory of many-variable systems and fields</subfield><subfield code="c">B. sakita</subfield></datafield><datafield ind1=" " ind2=" " tag="260"><subfield code="a">Singapore</subfield><subfield code="b">World Scientific</subfield><subfield code="c">1985</subfield></datafield><datafield ind1=" " ind2=" " tag="300"><subfield code="a">XI+217 P</subfield></datafield><datafield ind1=" " ind2=" " tag="490"><subfield code="a">World Scientific Lecture Notes In Physics Vol. 1</subfield></datafield><datafield ind1=" " ind2=" " tag="852"><subfield code="a">74723</subfield><subfield code="c">53</subfield></datafield><datafield ind1=" " ind2=" " tag="CAT"><subfield code="a">Sys</subfield><subfield code="c">20150811</subfield><subfield code="h">125450</subfield></datafield></record></collection>